@article{dutta2023emotional,
  title={Exploring the Emotional Landscape of Music: An Analysis of Valence Trends and Genre Variations in Spotify Music Data},
  author={Dutta, Shruti and Mookherjee, Shashwat},
  journal={arXiv preprint arXiv:2310.19052},
  year={2023},
  url={https://arxiv.org/abs/2310.19052}
}
