@article{karlinsky2021excess,
  author = {Karlinsky, Ariel and Kobak, Dmitry},
  title = {Tracking excess mortality across countries during the COVID-19 pandemic with the World Mortality Dataset},
  journal = {eLife},
  volume = {10},
  pages = {e69336},
  year = {2021},
  doi = {10.7554/eLife.69336},
  url = {https://elifesciences.org/articles/69336}
}

@article{woolf2020excess,
  author = {Woolf, Steven H. and Chapman, Derek A. and Sabo, Roy T. and Weinberger, Daniel M. and Hill, Latoya and Taylor, DaShaunda D. H.},
  title = {Excess Deaths From COVID-19 and Other Causes, March-July 2020},
  journal = {JAMA},
  volume = {324},
  number = {15},
  pages = {1562-1564},
  year = {2020},
  doi = {10.1001/jama.2020.19545},
  url = {https://doi.org/10.1001/jama.2020.19545},
}

@misc{rki2025,
  author = {{Robert Koch Institute (RKI)}},
  title = {COVID-19 Situation Reports},
  year = {2020-2023},
  howpublished = {\url{https://www.rki.de/EN/Topics/Infectious-diseases/Acute-respiratory-infections/COVID-19/Situationsberichte_Tab.html}},
  note = {Accessed April 2025}
}

