@article{brital2019edibility,
  author    = {Anas Brital and Abdelaziz Rehioui and Kamal Elkabtane},
  title     = {Edibility Detection of Mushroom Using Ensemble Methods},
  journal   = {International Journal of Image, Graphics and Signal Processing (IJIGSP)},
  volume    = {11},
  number    = {4},
  pages     = {41--49},
  year      = {2019},
  publisher = {MECS Press},
  url       = {https://www.mecs-press.org/ijigsp/ijigsp-v11-n4/v11n4-5.html}
}
